@article{lach,
  author  = {Patrick Lacharme, Andrea Röck, Vincent Strubel, and Marion Videau}, 
  title   = {"The Linux Pseudorandom Number Generator Revisited, \url{http://eprint.iacr.org/2012/251.pdf}"},
  journal = {IACR Cryptology ePrint Archive},
  year    = {2012}, 
  shorthand = {LACH12}
}

@article{gutt,
  author  = {Zvi Gutterman, Benny Pinkas and Tzachy Reinman}, 
  title   = {Analysis of the Linux Random Number Generator},
  journal = {IACR Cryptology ePrint Archive},
  year    = {2006},
  shorthand = {GUTT06}
}


@article{bark,
  author  = {Elaine Barker and John Kelsey}, 
  title   = {Recommendation for random number generation
using deterministic random bit generators (revised).},
  journal = {Technical Report SP800-90, NIST},
  year    = {2007},
  shorthand = {GUTT06}
}


@misc{Mack,
  author  = {Matt Mackall and Theodore Ts’o.}, 
  title   = {random.c – A strong random number generator,
June 2014},
  journal = {/driver/char/random.c in Linux Kernel 3.14.4},
  year    = {2014},
  shorthand = {MT14}
}


@misc{tso,
  author        = "Theodore Ts'o",
  howpublished  = "\url{https://lkml.org/lkml/2012/7/17/650} Linux Kernel Mailing List archive",
  year          = "2012",
  shorthand = {TSO12}
}


@misc{kerr,
  author        = "Michael Kerrisk",
  howpublished  = "\url{http://man7.org/linux/man-pages/man4/random.4.html} Random(4) -  Linux Programmer's Manual, The Linux man-pages project",
  year          = "2015",
  shorthand = {MAN15}
}

@misc{tso2,
  author        = "Theodore Ts'o",
  howpublished  = "\url{https://plus.google.com/+TheodoreTso/posts/SDcoemc9V3J} Google Plus 'I resisted pressure from Intel engineers'",
  year          = "2013",
  shorthand = {TSOBLOG13}
}

@misc{perl,
  author        = "Nicole Perloth, Jeff Larson and Scott Shane",
  howpublished  = "\url{http://www.nytimes.com/2013/09/06/us/nsa-foils-much-internet-encryption.html?pagewanted=all&_r=0} New York Times 'N.S.A. Able to Foil Basic Safeguards of Privacy on Web'",
  year          = "2013",
  shorthand = {NYT13}
}

@misc{tayl,
  author        = "Taylor Hornby",
  howpublished  = "\url{https://twitter.com/defusesec/status/408975222163795969} Twitter 'My RDRAND backdoor proof of concept is working!",
  year          = "2013",
  shorthand = {HORN13}
}

@misc{tayl2,
  author        = "Taylor Hornby",
  howpublished  = "\url{http://pastebin.com/A07q3nL3} hacking and comment to random.c - untitled",
  year          = "2013",
  shorthand = {HORN13}
}


